@article{Beconcini_2016,
  title={Nonlocal topological valley transport at large valley Hall angles},
  author={Beconcini, Michael and Taddei, Fabio and Polini, Marco},
  journal={Physical Review B},
  volume={\bf{94}},
  number={12},
  pages={121408},
  year={2016},
  publisher={APS}
}

@article{gorbachev2014detecting,
  title={Detecting topological currents in graphene superlattices},
  author={Gorbachev, RV and Song, JCW and Yu, GL and Kretinin, AV and Withers, F and Cao, Y and Mishchenko, A and Grigorieva, IV and Novoselov, Konstantin S and Levitov, LS and others},
  journal={Science},
  volume={\bf{346}},
  number={6208},
  pages={448--451},
  year={2014},
  publisher={American Association for the Advancement of Science}
}

@article{sui2015gate,
  title={Gate-tunable topological valley transport in bilayer graphene},
  author={Sui, Mengqiao and Chen, Guorui and Ma, Liguo and Shan, Wen-Yu and Tian, Dai and Watanabe, Kenji and Taniguchi, Takashi and Jin, Xiaofeng and Yao, Wang and Xiao, Di and others},
  journal={Nature Physics},
  volume={\bf{11}},
  number={12},
  pages={1027--1031},
  year={2015},
  publisher={Nature Publishing Group}
}

@article{shimazaki2015generation,
  title={Generation and detection of pure valley current by electrically induced Berry curvature in bilayer graphene},
  author={Shimazaki, Yuya and Yamamoto, Michihisa and Borzenets, Ivan V and Watanabe, Kenji and Taniguchi, Takashi and Tarucha, Seigo},
  journal={Nature Physics},
  volume={\bf{11}},
  number={12},
  pages={1032--1036},
  year={2015},
  publisher={Nature Publishing Group}
}


%esperimenti valley
@article{xiao2012coupled,
  title={Coupled spin and valley physics in monolayers of MoS 2 and other group-VI dichalcogenides},
  author={Xiao, Di and Liu, Gui-Bin and Feng, Wanxiang and Xu, Xiaodong and Yao, Wang},
  journal={Physical review letters},
  volume={\bf{10}8},
  number={19},
  pages={196802},
  year={2012},
  publisher={APS}
}

@article{mak2014valley,
  title={The valley Hall effect in MoS2 transistors},
  author={Mak, Kin Fai and McGill, Kathryn L and Park, Jiwoong and McEuen, Paul L},
  journal={Science},
  volume={\bf{344}},
  number={6191},
  pages={1489--1492},
  year={2014},
  publisher={American Association for the Advancement of Science}
}

@article{lee2017valley,
  title={Valley magnetoelectricity in single-layer MoS2},
  author={Lee, Jieun and Wang, Zefang and Xie, Hongchao and Mak, Kin Fai and Shan, Jie},
  journal={Nature materials},
  volume={\bf{16}},
  number={9},
  pages={887--891},
  year={2017},
  publisher={Nature Publishing Group}
}

%citazioni berry
@article{xiao2007valley,
  title={Valley-contrasting physics in graphene: magnetic moment and topological transport},
  author={Xiao, Di and Yao, Wang and Niu, Qian},
  journal={Physical review letters},
  volume={\bf{99}},
  number={23},
  pages={236809},
  year={2007},
  publisher={APS}
}

@article{xiao2010berry,
  title={Berry phase effects on electronic properties},
  author={Xiao, Di and Chang, Ming-Che and Niu, Qian},
  journal={Reviews of modern physics},
  volume={\bf{82}},
  number={3},
  pages={1959},
  year={2010},
  publisher={APS}
}

@article{nagaosa2010anomalous,
  title={Anomalous hall effect},
  author={Nagaosa, Naoto and Sinova, Jairo and Onoda, Shigeki and MacDonald, Allan H and Ong, Nai Phuan},
  journal={Reviews of modern physics},
  volume={\bf{82}},
  number={2},
  pages={1539},
  year={2010},
  publisher={APS}
}

@article{lensky2015topological,
  title={Topological valley currents in gapped Dirac materials},
  author={Lensky, Yuri D and Song, Justin CW and Samutpraphoot, Polnop and Levitov, Leonid S},
  journal={Physical review letters},
  volume={\bf{114}},
  number={25},
  pages={256601},
  year={2015},
  publisher={APS}
}


%nonlocal transport

@article{valenzuela2006direct,
  title={Direct electronic measurement of the spin Hall effect},
  author={Valenzuela, Sergio O and Tinkham, M},
  journal={Nature},
  volume={\bf{442}},
  number={7099},
  pages={176--179},
  year={2006},
  publisher={Nature Publishing Group}
}

@article{abanin2009nonlocal,
  title={Nonlocal charge transport mediated by spin diffusion in the spin Hall effect regime},
  author={Abanin, DA and Shytov, AV and Levitov, LS and Halperin, BI},
  journal={Physical review B},
  volume={\bf{79}},
  number={3},
  pages={035304},
  year={2009},
  publisher={APS}
}

@article{brune2010evidence,
  title={Evidence for the ballistic intrinsic spin Hall effect in HgTe nanostructures},
  author={Br{\"u}ne, C and Roth, A and Novik, EG and K{\"o}nig, M and Buhmann, H and Hankiewicz, EM and Hanke, W and Sinova, J and Molenkamp, LW},
  journal={Nature Physics},
  volume={\bf{6}},
  number={6},
  pages={448--454},
  year={2010},
  publisher={Nature Publishing Group}
}

@article{abanin2011giant,
  title={Giant nonlocality near the Dirac point in graphene},
  author={Abanin, DA and Morozov, SV and Ponomarenko, LA and Gorbachev, RV and Mayorov, AS and Katsnelson, MI and Watanabe, Kenji and Taniguchi, Takashi and Novoselov, KS and Levitov, LS and others},
  journal={Science},
  volume={\bf{332}},
  number={6027},
  pages={328--330},
  year={2011},
  publisher={American Association for the Advancement of Science}
}

@article{balakrishnan2013g,
  title={G., Jaiswal, M., Castro Neto, AH \& {\"O}zyilmaz, B. Colossal enhancement of spin--orbit coupling in weakly hydrogenated graphene},
  author={Balakrishnan, Jayakumar and Koon, Kok Wai},
  journal={Nat. Phys},
  volume={\bf{9}},
  pages={284--287},
  year={2013}
}

@article{wang2015proximity,
  title={Proximity-induced ferromagnetism in graphene revealed by the anomalous Hall effect},
  author={Wang, Zhiyong and Tang, Chi and Sachs, Raymond and Barlas, Yafis and Shi, Jing},
  journal={Physical review letters},
  volume={\bf{114}},
  number={1},
  pages={016603},
  year={2015},
  publisher={APS}
}

@article{rebecca2022moirè,
  title={Non-identical moir\'e twins in bilayer graphene},
  author={Arrighi, E and Nguyen, V-H and Di Luca, M and Maffione, G and Watanabe, K and Taniguchi, T and Mailly, D and Charlier, J-C and Ribeiro-Palau, R},
  journal={arXiv:2205.01760},
  year={2022}
}

@article{guinea2008review,
  title={The electronic properties of graphene},
  author={Neto, AH Castro and Guinea, Francisco and Peres, Nuno MR and Novoselov, Kostya S and Geim, Andre K},
  journal={Reviews of modern physics},
  volume={\bf{81}},
  number={1},
  pages={109},
  year={2009},
  publisher={APS}
}

@article{firstExfoliation,
  title={Electric field effect in atomically thin carbon films},
  author={Novoselov, Kostya S and Geim, Andre K and Morozov, Sergei V and Jiang, De-eng and Zhang, Yanshui and Dubonos, Sergey V and Grigorieva, Irina V and Firsov, Alexandr A},
  journal={science},
  volume={\bf{306}},
  number={5696},
  pages={666--669},
  year={2004},
  publisher={American Association for the Advancement of Science}
}

@article{bloch1929quantenmechanik,
  title={{\"U}ber die quantenmechanik der elektronen in kristallgittern},
  author={Bloch, Felix},
  journal={Zeitschrift f{\"u}r physik},
  volume={\bf{52}},
  number={7},
  pages={555--600},
  year={1929},
  publisher={Springer}
}

@article{slater1954simplified,
  title={Simplified LCAO method for the periodic potential problem},
  author={Slater, John C and Koster, George F},
  journal={Physical Review},
  volume={\bf{94}},
  number={6},
  pages={1498},
  year={1954},
  publisher={APS}
}

@book{grosso2013solid,
  title={Solid state physics},
  author={Grosso, Giuseppe and Parravicini, Giuseppe Pastori},
  year={2013},
  publisher={Academic press}
}

@article{McCann_2013,
  title={The electronic properties of bilayer graphene},
  author={McCann, Edward and Koshino, Mikito},
  journal={Reports on Progress in physics},
  volume={\bf{76}},
  number={5},
  pages={056503},
  year={2013},
  publisher={IOP Publishing}
}

@article{kuzmenko2009determination,
  title={Determination of the gate-tunable band gap and tight-binding parameters in bilayer graphene using infrared spectroscopy},
  author={Kuzmenko, AB and Crassee, Iris and Van Der Marel, Dirk and Blake, P and Novoselov, KS},
  journal={Physical Review B},
  volume={\bf{80}},
  number={16},
  pages={165406},
  year={2009},
  publisher={APS}
}

@article{thouless1982quantized,
  title={Quantized Hall conductance in a two-dimensional periodic potential},
  author={Thouless, David J and Kohmoto, Mahito and Nightingale, M Peter and den Nijs, Marcel},
  journal={Physical review letters},
  volume={\bf{49}},
  number={6},
  pages={405},
  year={1982},
  publisher={APS}
}

@article{tong2016lectures,
  title={Lectures on the quantum Hall effect},
  author={Tong, David},
  journal={arXiv:1606.06687},
  year={2016}
}

@book{WeinbergBloch,
  title={Lectures on Quantum Mechanics},
  author={Steven Weinberg},
  section={10.3},
  year={2013},
  publisher={Hyperion New York}
}

@book{vanderbilt2018berry,
  title={Berry phases in electronic structure theory: electric polarization, orbital magnetization and topological insulators},
  author={Vanderbilt, David},
  section={5.1},
  year={2018},
  publisher={Cambridge University Press}
}

@article{hall1881,
  title={XVIII. On the “Rotational Coefficient” in nickel and cobalt},
  author={Hall, Edwin Herbert},
  journal={The London, Edinburgh, and Dublin Philosophical Magazine and Journal of Science},
  volume={\bf{12}},
  number={74},
  pages={157--172},
  year={1881},
  publisher={Taylor \& Francis}
}

@article{karplus1954hall,
  title={Hall effect in ferromagnetics},
  author={Karplus, Robert and Luttinger, JM},
  journal={Physical Review},
  volume={\bf{95}},
  number={5},
  pages={1154},
  year={1954},
  publisher={APS}
}

@article{smith1958resonant,
  title={The resonant scattering integral; application to the analysis of elastic proton scattering},
  author={Smith, Philip B},
  journal={Physica},
  volume={\bf{24}},
  number={6-10},
  pages={1085--1091},
  year={1958},
  publisher={Elsevier}
}

@article{berger1970side,
  title={Side-jump mechanism for the Hall effect of ferromagnets},
  author={Berger, Luc},
  journal={Physical Review B},
  volume={\bf{2}},
  number={11},
  pages={4559},
  year={1970},
  publisher={APS}
}


@article{dugaev2005anomalous,
  title={Anomalous Hall effect in a two-dimensional electron gas with spin-orbit interaction},
  author={Dugaev, VK and Bruno, P and Taillefumier, M and Canals, B and Lacroix, C},
  journal={Physical Review B},
  volume={\bf{71}},
  number={22},
  pages={224423},
  year={2005},
  publisher={APS}
}

@article{tian2009proper,
  title={Proper scaling of the anomalous Hall effect},
  author={Tian, Yuan and Ye, Li and Jin, Xiaofeng},
  journal={Physical review letters},
  volume={\bf{103}},
  number={8},
  pages={087206},
  year={2009},
  publisher={APS}
}

@article{d1971spin,
  title={Spin orientation of electrons associated with the interband absorption of light in semiconductors},
  author={D'yakonov, MI and Perel, VI},
  journal={Soviet Journal of Experimental and Theoretical Physics},
  volume={\bf{33}},
  pages={1053},
  year={1971}
}

@article{wolf2001spintronics,
  title={Spintronics: a spin-based electronics vision for the future},
  author={Wolf, SA and Awschalom, DD and Buhrman, RA and Daughton, JM and von Moln{\'a}r, von S and Roukes, ML and Chtchelkanova, A Yu and Treger, DM},
  journal={science},
  volume={\bf{294}},
  number={5546},
  pages={1488--1495},
  year={2001},
  publisher={American Association for the Advancement of Science}
}

@article{bychkov1984properties,
  title={Properties of a 2D electron gas with lifted spectral degeneracy},
  author={Bychkov, Yua A and Rashba, {\'E} I},
  journal={JETP lett},
  volume={\bf{39}},
  number={2},
  pages={78},
  year={1984}
}

@article{kane2005quantum,
  title={Quantum spin Hall effect in graphene},
  author={Kane, Charles L and Mele, Eugene J},
  journal={Physical review letters},
  volume={\bf{95}},
  number={22},
  pages={226801},
  year={2005},
  publisher={APS}
}

@article{thouless1983quantization,
  title={Quantization of particle transport},
  author={Thouless, DJ},
  journal={Physical Review B},
  volume={\bf{27}},
  number={10},
  pages={6083},
  year={1983},
  publisher={APS}
}

@article{chang1995berry,
  title={Berry phase, hyperorbits, and the Hofstadter spectrum},
  author={Chang, Ming-Che and Niu, Qian},
  journal={Physical review letters},
  volume={\bf{75}},
  number={7},
  pages={1348},
  year={1995},
  publisher={APS}
}


@article{yao2004first,
  title={First principles calculation of anomalous Hall conductivity in ferromagnetic bcc Fe},
  author={Yao, Yugui and Kleinman, Leonard and MacDonald, AH and Sinova, Jairo and Jungwirth, T and Wang, Ding-sheng and Wang, Enge and Niu, Qian},
  journal={Physical review letters},
  volume={\bf{92}},
  number={3},
  pages={037204},
  year={2004},
  publisher={APS}
}

@article{hasan2010colloquium,
  title={Colloquium: topological insulators},
  author={Hasan, M Zahid and Kane, Charles L},
  journal={Reviews of modern physics},
  volume={82},
  number={4},
  pages={3045},
  year={2010},
  publisher={APS}
}

@article{divincenzo1984self,
  title={Self-consistent effective-mass theory for intralayer screening in graphite intercalation compounds},
  author={DiVincenzo, DP and Mele, EJ},
  journal={Physical Review B},
  volume={29},
  number={4},
  pages={1685},
  year={1984},
  publisher={APS}
}
@article{haldane1988model,
  title={Model for a quantum Hall effect without Landau levels: Condensed-matter realization of the" parity anomaly"},
  author={Haldane, F Duncan M},
  journal={Physical review letters},
  volume={61},
  number={18},
  pages={2015},
  year={1988},
  publisher={APS}
}

@book{cardona2005fundamentals,
  title={Fundamentals of semiconductors},
  author={Cardona, Manuel and Peter, Y Yu},
  volume={619},
  year={2005},
  publisher={Springer}
}