@article{Beconcini_2016,
  title={Nonlocal topological valley transport at large valley Hall angles},
  author={Beconcini, Michael and Taddei, Fabio and Polini, Marco},
  journal={Physical Review B},
  volume={\bf{94}},
  number={12},
  pages={121408},
  year={2016},
  publisher={APS}
}

@article{gorbachev2014detecting,
  title={Detecting topological currents in graphene superlattices},
  author={Gorbachev, RV and Song, JCW and Yu, GL and Kretinin, AV and Withers, F and Cao, Y and Mishchenko, A and Grigorieva, IV and Novoselov, Konstantin S and Levitov, LS and others},
  journal={Science},
  volume={\bf{346}},
  number={6208},
  pages={448--451},
  year={2014},
  publisher={American Association for the Advancement of Science}
}

@article{sui2015gate,
  title={Gate-tunable topological valley transport in bilayer graphene},
  author={Sui, Mengqiao and Chen, Guorui and Ma, Liguo and Shan, Wen-Yu and Tian, Dai and Watanabe, Kenji and Taniguchi, Takashi and Jin, Xiaofeng and Yao, Wang and Xiao, Di and others},
  journal={Nature Physics},
  volume={\bf{11}},
  number={12},
  pages={1027--1031},
  year={2015},
  publisher={Nature Publishing Group}
}

@article{shimazaki2015generation,
  title={Generation and detection of pure valley current by electrically induced Berry curvature in bilayer graphene},
  author={Shimazaki, Yuya and Yamamoto, Michihisa and Borzenets, Ivan V and Watanabe, Kenji and Taniguchi, Takashi and Tarucha, Seigo},
  journal={Nature Physics},
  volume={\bf{11}},
  number={12},
  pages={1032--1036},
  year={2015},
  publisher={Nature Publishing Group}
}


%esperimenti valley
@article{xiao2012coupled,
  title={Coupled spin and valley physics in monolayers of MoS 2 and other group-VI dichalcogenides},
  author={Xiao, Di and Liu, Gui-Bin and Feng, Wanxiang and Xu, Xiaodong and Yao, Wang},
  journal={Physical review letters},
  volume={\bf{10}8},
  number={19},
  pages={196802},
  year={2012},
  publisher={APS}
}

@article{mak2014valley,
  title={The valley Hall effect in MoS2 transistors},
  author={Mak, Kin Fai and McGill, Kathryn L and Park, Jiwoong and McEuen, Paul L},
  journal={Science},
  volume={\bf{344}},
  number={6191},
  pages={1489--1492},
  year={2014},
  publisher={American Association for the Advancement of Science}
}

@article{lee2017valley,
  title={Valley magnetoelectricity in single-layer MoS2},
  author={Lee, Jieun and Wang, Zefang and Xie, Hongchao and Mak, Kin Fai and Shan, Jie},
  journal={Nature materials},
  volume={\bf{16}},
  number={9},
  pages={887--891},
  year={2017},
  publisher={Nature Publishing Group}
}

%citazioni berry
@article{xiao2007valley,
  title={Valley-contrasting physics in graphene: magnetic moment and topological transport},
  author={Xiao, Di and Yao, Wang and Niu, Qian},
  journal={Physical review letters},
  volume={\bf{99}},
  number={23},
  pages={236809},
  year={2007},
  publisher={APS}
}

@article{xiao2010berry,
  title={Berry phase effects on electronic properties},
  author={Xiao, Di and Chang, Ming-Che and Niu, Qian},
  journal={Reviews of modern physics},
  volume={\bf{82}},
  number={3},
  pages={1959},
  year={2010},
  publisher={APS}
}

@article{nagaosa2010anomalous,
  title={Anomalous hall effect},
  author={Nagaosa, Naoto and Sinova, Jairo and Onoda, Shigeki and MacDonald, Allan H and Ong, Nai Phuan},
  journal={Reviews of modern physics},
  volume={\bf{82}},
  number={2},
  pages={1539},
  year={2010},
  publisher={APS}
}

@article{lensky2015topological,
  title={Topological valley currents in gapped Dirac materials},
  author={Lensky, Yuri D and Song, Justin CW and Samutpraphoot, Polnop and Levitov, Leonid S},
  journal={Physical review letters},
  volume={\bf{114}},
  number={25},
  pages={256601},
  year={2015},
  publisher={APS}
}


%nonlocal transport

@article{valenzuela2006direct,
  title={Direct electronic measurement of the spin Hall effect},
  author={Valenzuela, Sergio O and Tinkham, M},
  journal={Nature},
  volume={\bf{442}},
  number={7099},
  pages={176--179},
  year={2006},
  publisher={Nature Publishing Group}
}

@article{abanin2009nonlocal,
  title={Nonlocal charge transport mediated by spin diffusion in the spin Hall effect regime},
  author={Abanin, DA and Shytov, AV and Levitov, LS and Halperin, BI},
  journal={Physical review B},
  volume={\bf{79}},
  number={3},
  pages={035304},
  year={2009},
  publisher={APS}
}

@article{brune2010evidence,
  title={Evidence for the ballistic intrinsic spin Hall effect in HgTe nanostructures},
  author={Br{\"u}ne, C and Roth, A and Novik, EG and K{\"o}nig, M and Buhmann, H and Hankiewicz, EM and Hanke, W and Sinova, J and Molenkamp, LW},
  journal={Nature Physics},
  volume={\bf{6}},
  number={6},
  pages={448--454},
  year={2010},
  publisher={Nature Publishing Group}
}

@article{abanin2011giant,
  title={Giant nonlocality near the Dirac point in graphene},
  author={Abanin, DA and Morozov, SV and Ponomarenko, LA and Gorbachev, RV and Mayorov, AS and Katsnelson, MI and Watanabe, Kenji and Taniguchi, Takashi and Novoselov, KS and Levitov, LS and others},
  journal={Science},
  volume={\bf{332}},
  number={6027},
  pages={328--330},
  year={2011},
  publisher={American Association for the Advancement of Science}
}

@article{balakrishnan2013g,
  title={G., Jaiswal, M., Castro Neto, AH \& {\"O}zyilmaz, B. Colossal enhancement of spin--orbit coupling in weakly hydrogenated graphene},
  author={Balakrishnan, Jayakumar and Koon, Kok Wai},
  journal={Nat. Phys},
  volume={\bf{9}},
  pages={284--287},
  year={2013}
}

@article{wang2015proximity,
  title={Proximity-induced ferromagnetism in graphene revealed by the anomalous Hall effect},
  author={Wang, Zhiyong and Tang, Chi and Sachs, Raymond and Barlas, Yafis and Shi, Jing},
  journal={Physical review letters},
  volume={\bf{114}},
  number={1},
  pages={016603},
  year={2015},
  publisher={APS}
}

@article{rebecca2022moirè,
  title={Non-identical moir\'e twins in bilayer graphene},
  author={Arrighi, E and Nguyen, V-H and Di Luca, M and Maffione, G and Watanabe, K and Taniguchi, T and Mailly, D and Charlier, J-C and Ribeiro-Palau, R},
  journal={arXiv: 2205.01760},
  year={2022}
}

@article{guinea2008review,
  title={The electronic properties of graphene},
  author={Neto, AH Castro and Guinea, Francisco and Peres, Nuno MR and Novoselov, Kostya S and Geim, Andre K},
  journal={Reviews of modern physics},
  volume={\bf{81}},
  number={1},
  pages={109},
  year={2009},
  publisher={APS}
}

@article{firstExfoliation,
  title={Electric field effect in atomically thin carbon films},
  author={Novoselov, Kostya S and Geim, Andre K and Morozov, Sergei V and Jiang, De-eng and Zhang, Yanshui and Dubonos, Sergey V and Grigorieva, Irina V and Firsov, Alexandr A},
  journal={science},
  volume={\bf{306}},
  number={5696},
  pages={666--669},
  year={2004},
  publisher={American Association for the Advancement of Science}
}

@article{bloch1929quantenmechanik,
  title={{\"U}ber die quantenmechanik der elektronen in kristallgittern},
  author={Bloch, Felix},
  journal={Zeitschrift f{\"u}r physik},
  volume={\bf{52}},
  number={7},
  pages={555--600},
  year={1929},
  publisher={Springer}
}

@article{slater1954simplified,
  title={Simplified LCAO method for the periodic potential problem},
  author={Slater, John C and Koster, George F},
  journal={Physical Review},
  volume={\bf{94}},
  number={6},
  pages={1498},
  year={1954},
  publisher={APS}
}

@book{grosso2013solid,
  title={Solid state physics},
  author={Grosso, Giuseppe and Parravicini, Giuseppe Pastori},
  year={2013},
  publisher={Academic press}
}

@article{McCann_2013,
  title={The electronic properties of bilayer graphene},
  author={McCann, Edward and Koshino, Mikito},
  journal={Reports on Progress in physics},
  volume={\bf{76}},
  number={5},
  pages={056503},
  year={2013},
  publisher={IOP Publishing}
}

@article{kuzmenko2009determination,
  title={Determination of the gate-tunable band gap and tight-binding parameters in bilayer graphene using infrared spectroscopy},
  author={Kuzmenko, AB and Crassee, Iris and Van Der Marel, Dirk and Blake, P and Novoselov, KS},
  journal={Physical Review B},
  volume={\bf{80}},
  number={16},
  pages={165406},
  year={2009},
  publisher={APS}
}

@article{thouless1982quantized,
  title={Quantized Hall conductance in a two-dimensional periodic potential},
  author={Thouless, David J and Kohmoto, Mahito and Nightingale, M Peter and den Nijs, Marcel},
  journal={Physical review letters},
  volume={\bf{49}},
  number={6},
  pages={405},
  year={1982},
  publisher={APS}
}

@article{tong2016lectures,
  title={Lectures on the quantum Hall effect},
  author={Tong, David},
  journal={arXiv:1606.06687},
  year={2016}
}

@book{WeinbergBloch,
  title={Lectures on Quantum Mechanics},
  author={Steven Weinberg},
  section={10.3},
  year={2013},
  publisher={Hyperion New York}
}

@book{vanderbilt2018berry,
  title={Berry phases in electronic structure theory: electric polarization, orbital magnetization and topological insulators},
  author={Vanderbilt, David},
  section={5.1},
  year={2018},
  publisher={Cambridge University Press}
}

@article{hall1881,
  title={XVIII. On the “Rotational Coefficient” in nickel and cobalt},
  author={Hall, Edwin Herbert},
  journal={The London, Edinburgh, and Dublin Philosophical Magazine and Journal of Science},
  volume={\bf{12}},
  number={74},
  pages={157--172},
  year={1881},
  publisher={Taylor \& Francis}
}

@article{karplus1954hall,
  title={Hall effect in ferromagnetics},
  author={Karplus, Robert and Luttinger, JM},
  journal={Physical Review},
  volume={\bf{95}},
  number={5},
  pages={1154},
  year={1954},
  publisher={APS}
}

@article{smith1958resonant,
  title={The resonant scattering integral; application to the analysis of elastic proton scattering},
  author={Smith, Philip B},
  journal={Physica},
  volume={\bf{24}},
  number={6-10},
  pages={1085--1091},
  year={1958},
  publisher={Elsevier}
}

@article{berger1970side,
  title={Side-jump mechanism for the Hall effect of ferromagnets},
  author={Berger, Luc},
  journal={Physical Review B},
  volume={\bf{2}},
  number={11},
  pages={4559},
  year={1970},
  publisher={APS}
}


@article{dugaev2005anomalous,
  title={Anomalous Hall effect in a two-dimensional electron gas with spin-orbit interaction},
  author={Dugaev, VK and Bruno, P and Taillefumier, M and Canals, B and Lacroix, C},
  journal={Physical Review B},
  volume={\bf{71}},
  number={22},
  pages={224423},
  year={2005},
  publisher={APS}
}

@article{tian2009proper,
  title={Proper scaling of the anomalous Hall effect},
  author={Tian, Yuan and Ye, Li and Jin, Xiaofeng},
  journal={Physical review letters},
  volume={\bf{103}},
  number={8},
  pages={087206},
  year={2009},
  publisher={APS}
}

@article{d1971spin,
  title={Spin orientation of electrons associated with the interband absorption of light in semiconductors},
  author={D'yakonov, MI and Perel, VI},
  journal={Soviet Journal of Experimental and Theoretical Physics},
  volume={\bf{33}},
  pages={1053},
  year={1971}
}

@article{wolf2001spintronics,
  title={Spintronics: a spin-based electronics vision for the future},
  author={Wolf, SA and Awschalom, DD and Buhrman, RA and Daughton, JM and von Moln{\'a}r, von S and Roukes, ML and Chtchelkanova, A Yu and Treger, DM},
  journal={science},
  volume={\bf{294}},
  number={5546},
  pages={1488--1495},
  year={2001},
  publisher={American Association for the Advancement of Science}
}

@article{bychkov1984properties,
  title={Properties of a 2D electron gas with lifted spectral degeneracy},
  author={Bychkov, Yua A and Rashba, {\'E} I},
  journal={JETP lett},
  volume={\bf{39}},
  number={2},
  pages={78},
  year={1984}
}

@article{kane2005quantum,
  title={Quantum spin Hall effect in graphene},
  author={Kane, Charles L and Mele, Eugene J},
  journal={Physical review letters},
  volume={\bf{95}},
  number={22},
  pages={226801},
  year={2005},
  publisher={APS}
}

@article{thouless1983quantization,
  title={Quantization of particle transport},
  author={Thouless, DJ},
  journal={Physical Review B},
  volume={\bf{27}},
  number={10},
  pages={6083},
  year={1983},
  publisher={APS}
}

@article{chang1995berry,
  title={Berry phase, hyperorbits, and the Hofstadter spectrum},
  author={Chang, Ming-Che and Niu, Qian},
  journal={Physical review letters},
  volume={\bf{75}},
  number={7},
  pages={1348},
  year={1995},
  publisher={APS}
}


@article{yao2004first,
  title={First principles calculation of anomalous Hall conductivity in ferromagnetic bcc Fe},
  author={Yao, Yugui and Kleinman, Leonard and MacDonald, AH and Sinova, Jairo and Jungwirth, T and Wang, Ding-sheng and Wang, Enge and Niu, Qian},
  journal={Physical review letters},
  volume={\bf{92}},
  number={3},
  pages={037204},
  year={2004},
  publisher={APS}
}

@article{hasan2010colloquium,
  title={Colloquium: topological insulators},
  author={Hasan, M Zahid and Kane, Charles L},
  journal={Reviews of modern physics},
  volume={82},
  number={4},
  pages={3045},
  year={2010},
  publisher={APS}
}

@article{divincenzo1984self,
  title={Self-consistent effective-mass theory for intralayer screening in graphite intercalation compounds},
  author={DiVincenzo, DP and Mele, EJ},
  journal={Physical Review B},
  volume={29},
  number={4},
  pages={1685},
  year={1984},
  publisher={APS}
}
@article{haldane1988model,
  title={Model for a quantum Hall effect without Landau levels: Condensed-matter realization of the" parity anomaly"},
  author={Haldane, F Duncan M},
  journal={Physical review letters},
  volume={61},
  number={18},
  pages={2015},
  year={1988},
  publisher={APS}
}

@book{cardona2005fundamentals,
  title={Fundamentals of semiconductors},
  author={Cardona, Manuel and Peter, Y Yu},
  volume={619},
  year={2005},
  publisher={Springer}
}

@book{tong2017quantum2,
  title={Topics in Quantum Mechanics},
  author={David Tong},
  year={2017}
}

@book{golub2013matrix,
  title={Matrix computations},
  author={Golub, Gene H and Van Loan, Charles F},
  year={2013},
  publisher={JHU press}
}

@article{halperin1982quantized,
  title={Quantized Hall conductance, current-carrying edge states, and the existence of extended states in a two-dimensional disordered potential},
  author={Halperin, Bertrand I},
  journal={Physical Review B},
  volume={25},
  number={4},
  pages={2185},
  year={1982},
  publisher={APS}
}

@article{hasan2010colloquium,
  title={Colloquium: topological insulators},
  author={Hasan, M Zahid and Kane, Charles L},
  journal={Reviews of modern physics},
  volume={82},
  number={4},
  pages={3045},
  year={2010},
  publisher={APS}
}

@article{jackiw1976vacuum,
  title={Vacuum periodicity in a Yang-Mills quantum theory},
  author={Jackiw, R and Rebbi, Claudio},
  journal={Physical Review Letters},
  volume={37},
  number={3},
  pages={172},
  year={1976},
  publisher={APS}
}

@article{kato2004observation,
  title={Observation of the spin Hall effect in semiconductors},
  author={Kato, Yuichiro K and Myers, Roberto C and Gossard, Arthur C and Awschalom, David D},
  journal={science},
  volume={306},
  number={5703},
  pages={1910--1913},
  year={2004},
  publisher={American Association for the Advancement of Science}
}

@article{wunderlich2005experimental,
  title={Experimental observation of the spin-Hall effect in a two-dimensional spin-orbit coupled semiconductor system},
  author={Wunderlich, Joerg and Kaestner, Bernd and Sinova, Jairo and Jungwirth, Tomas},
  journal={Physical review letters},
  volume={94},
  number={4},
  pages={047204},
  year={2005},
  publisher={APS}
}

@article{sih2006generating,
  title={Generating spin currents in semiconductors with the spin Hall effect},
  author={Sih, V and Lau, WH and Myers, RC and Horowitz, Viva R and Gossard, AC and Awschalom, DD},
  journal={Physical review letters},
  volume={97},
  number={9},
  pages={096605},
  year={2006},
  publisher={APS}
}

@article{stern2006current,
  title={Current-induced polarization and the spin Hall effect at room temperature},
  author={Stern, NP and Ghosh, S and Xiang, G and Zhu, M and Samarth, N and Awschalom, DD},
  journal={Physical review letters},
  volume={97},
  number={12},
  pages={126603},
  year={2006},
  publisher={APS}
}

@article{weng2015anomalous,
  title={From anomalous hall effect to the quantum anomalous hall effect},
  author={Weng, Hongming and Dai, Xi and Fang, Zhong},
  journal={arXiv preprint arXiv:1509.05507},
  year={2015}
}

@article{edwards2013graphene,
  title={Graphene synthesis: relationship to applications},
  author={Edwards, Rebecca S and Coleman, Karl S},
  journal={Nanoscale},
  volume={5},
  number={1},
  pages={38--51},
  year={2013},
  publisher={Royal Society of Chemistry}
}

@article{van2012production,
  title={Production: Beyond sticky tape},
  author={Van Noorden, Richard},
  journal={Nature},
  volume={483},
  number={7389},
  pages={S32--S33},
  year={2012},
  publisher={Nature Publishing Group}
}

@article{liu2019synthesis,
  title={Synthesis of graphene materials by electrochemical exfoliation: Recent progress and future potential},
  author={Liu, Fei and Wang, Chaojun and Sui, Xiao and Riaz, Muhammad Adil and Xu, Meiying and Wei, Li and Chen, Yuan},
  journal={Carbon Energy},
  volume={1},
  number={2},
  pages={173--199},
  year={2019},
  publisher={Wiley Online Library}
}

@article{yang2016new,
  title={New-generation graphene from electrochemical approaches: production and applications},
  author={Yang, Sheng and Lohe, Martin R and M{\"u}llen, Klaus and Feng, Xinliang},
  journal={Advanced Materials},
  volume={28},
  number={29},
  pages={6213--6221},
  year={2016},
  publisher={Wiley Online Library}
}

@article{luheng2009influence,
  title={Influence of carbon black concentration on piezoresistivity for carbon-black-filled silicone rubber composite},
  author={Luheng, Wang and Tianhuai, Ding and Peng, Wang},
  journal={Carbon},
  volume={47},
  number={14},
  pages={3151--3157},
  year={2009},
  publisher={Elsevier}
}

@article{shams2015synthesis,
  title={Synthesis of graphene from biomass: a green chemistry approach},
  author={Shams, S Saqib and Zhang, Li Sheng and Hu, Renhao and Zhang, Ruoyu and Zhu, Jin},
  journal={Materials Letters},
  volume={161},
  pages={476--479},
  year={2015},
  publisher={Elsevier}
}

@article{hibino2010graphene,
  title={Graphene growth on silicon carbide},
  author={HIBINO, Hiroki and KAGESHIMA, Hiroyuki and NAGASE, Masao},
  journal={NTT Technical Review (Web)},
  volume={8},
  number={8},
  year={2010}
}

@article{juang2009synthesis,
  title={Synthesis of graphene on silicon carbide substrates at low temperature},
  author={Juang, Zhen-Yu and Wu, Chih-Yu and Lo, Chien-Wei and Chen, Wei-Yu and Huang, Chih-Fang and Hwang, Jenn-Chang and Chen, Fu-Rong and Leou, Keh-Chyang and Tsai, Chuen-Horng},
  journal={Carbon},
  volume={47},
  number={8},
  pages={2026--2031},
  year={2009},
  publisher={Elsevier}
}

@article{pan2009highly,
  title={Highly ordered, millimeter-scale, continuous, single-crystalline graphene monolayer formed on Ru (0001)},
  author={Pan, Yi and Zhang, Haigang and Shi, Dongxia and Sun, Jiatao and Du, Shixuan and Liu, Feng and Gao, Hong-jun},
  journal={Advanced Materials},
  volume={21},
  number={27},
  pages={2777--2780},
  year={2009},
  publisher={Wiley Online Library}
}

@article{yavari2011high,
  title={High sensitivity gas detection using a macroscopic three-dimensional graphene foam network},
  author={Yavari, Fazel and Chen, Zongping and Thomas, Abhay V and Ren, Wencai and Cheng, Hui-Ming and Koratkar, Nikhil},
  journal={Scientific reports},
  volume={1},
  number={1},
  pages={1--5},
  year={2011},
  publisher={Nature Publishing Group}
}

@article{seekaew2017highly,
  title={Highly sensitive and selective room-temperature NO2 gas sensor based on bilayer transferred chemical vapor deposited graphene},
  author={Seekaew, Yotsarayuth and Phokharatkul, Ditsayut and Wisitsoraat, Anurat and Wongchoosuk, Chatchawal},
  journal={Applied Surface Science},
  volume={404},
  pages={357--363},
  year={2017},
  publisher={Elsevier}
}

@article{an2011graphene,
  title={Graphene synthesis on Fe foil using thermal CVD},
  author={An, Hyosub and Lee, Won-Jun and Jung, Jongwan},
  journal={Current Applied Physics},
  volume={11},
  number={4},
  pages={S81--S85},
  year={2011},
  publisher={Elsevier}
}

@article{ghaemi2016synthesis,
  title={Synthesis of different layers of graphene on stainless steel using the CVD method},
  author={Ghaemi, Ferial and Abdullah, Luqman Chuah and Tahir, Paridah Md and Yunus, Robiah},
  journal={Nanoscale research letters},
  volume={11},
  number={1},
  pages={1--6},
  year={2016},
  publisher={Springer}
}

@article{brownson2012electrochemistry,
  title={The electrochemistry of CVD graphene: progress and prospects},
  author={Brownson, Dale AC and Banks, Craig E},
  journal={Physical Chemistry Chemical Physics},
  volume={14},
  number={23},
  pages={8264--8281},
  year={2012},
  publisher={Royal Society of Chemistry}
}


@article{mbayachi2021graphene,
  title={Graphene synthesis, characterization and its applications: A review},
  author={Mbayachi, Vestince B and Ndayiragije, Euphrem and Sammani, Thirasara and Taj, Sunaina and Mbuta, Elice R and others},
  journal={Results in Chemistry},
  volume={3},
  pages={100163},
  year={2021},
  publisher={Elsevier}
}

@article{wu2019intrinsic,
  title={Intrinsic valley Hall transport in atomically thin MoS2},
  author={Wu, Zefei and Zhou, Benjamin T and Cai, Xiangbin and Cheung, Patrick and Liu, Gui-Bin and Huang, Meizhen and Lin, Jiangxiazi and Han, Tianyi and An, Liheng and Wang, Yuanwei and others},
  journal={Nature communications},
  volume={10},
  number={1},
  pages={1--8},
  year={2019},
  publisher={Nature Publishing Group}
}

@article{mccann2006landau,
  title={Landau-level degeneracy and quantum Hall effect in a graphite bilayer},
  author={McCann, Edward and Fal’ko, Vladimir I},
  journal={Physical review letters},
  volume={96},
  number={8},
  pages={086805},
  year={2006},
  publisher={APS}
}

@article{mucha2010electron,
  title={Electron--hole asymmetry and energy gaps in bilayer graphene},
  author={Mucha-Kruczy{\'n}ski, M and McCann, E and Fal'Ko, Vladimir I},
  journal={Semiconductor Science and Technology},
  volume={25},
  number={3},
  pages={033001},
  year={2010},
  publisher={IOP Publishing}
}

@book{topocondmat,
    title={Online course on topology in condensed matter},
    author={Topology course team},
    year={2021}
}

@article{gibertiniground,
  title={Ground-State Properties of Inhomogeneous Graphene Sheets},
  author={GIBERTINI, Marco and POLINI, Dott Marco}
}

@misc{jackson1999classical,
  title={Classical electrodynamics},
  author={Jackson, John David},
  year={1999},
  publisher={American Association of Physics Teachers}
}